@misc {markovketen,
    author        = "Joxemai4",
    title         = "Eenvoudige Markovketen met twee toestanden",
    month         = "nov",
    year          = "2015",
    howpublished  = {\url{"https://nl.wikipedia.org/wiki/Markovketen#/media/File:Markovkate_01.svg"}}
}

@misc {markovketen2,
    author        = "Jochem Raat",
    title         = "Een iets ingewikkeldere Markovketen, gebaseerd op figuur 1",
    month         = "sep",
    year          = "2015"
}
